@inproceedings{1,
  author = "TU Dortmund",
  booktitle = "Versuchsanleitung V602",
}
@inproceedings{taschenrechner,
  author = "Casio Taschenrechner",
  booktitle = "fx-991ES",
}
@online{molm,
  author = {Thomas Seilnacht},
  title = {Periodensystem: Neodym},
  url = {http://www.seilnacht.com/Lexikon/60Neodym.html},
  urldate = {2018-05-11}
}
