@inproceedings{1,
  author = "TU Dortmund",
  booktitle = "Versuchsanleitung V501",
}
@inproceedings{2,
  author = "TU Dortmund",
  booktitle = "Versuchsanleitung V502",
}
@online{3,
author = "Vitatec",
booktitle = "Einfluss des Erdmagnetfeldes auf Lebewesen",
URL = "http://www.vitatec.com/grundlagen/einfluss-erdmagnetfeld",
year = "2017",
urldate = "2018-04-12"
}
@online{4,
author = "GFZ German Research Centre for Geosciences",
booktitle = "IGRF Declination Calculator",
URL = "http://isdc.gfz-potsdam.de/geomagnetism/igrf-declination-calculator/",
year = "2017",
urldate = "2018-04-16"
}
@inproceedings{taschenrechner,
  author = "Casio Taschenrechner",
  booktitle = "fx-991ES",
}
