@inproceedings{1,
  author = "TU Dortmund",
  booktitle = "Versuchsanleitung V408",
  date="2018-07-04"
}
