@inproceedings{1,
  author = "TU Dortmund",
  booktitle = "Versuchsanleitung V602",
}
@inproceedings{taschenrechner,
  author = "Casio Taschenrechner",
  booktitle = "fx-991ES",
}
@online{acryl,
  author = {OLYMPUS Corporation},
  title = {Tutorial f√ºr Dickenmessung - Schallgeschwindigkeiten im Material},
  url = {https://www.olympus-ims.com/de/ndt-tutorials/thickness-gage/appendices-velocities/},
  urldate = {2018-06-3}
}
