@inproceedings{1,
  author = "TU Dortmund",
  booktitle = "Versuchsanleitung V701",
}

@online{2,
  author = {Katharina Burchard, Tino GoÌˆtzke, Oliver Nagel, Thomas Papke, Johannes Petereit, Markus Quade},
  title = {Energie und Reichweite von Strahlung},
  url = {https://www.uni-potsdam.de/u/phys_gprakt/html/projekte/kernstrahlung/kernstrahlung_20.pdf},
  urldate = {2018-06-25}
}
