@inproceedings{1,
  author = "TU Dortmund",
  booktitle = "Versuchsanleitung V602",
}
@inproceedings{taschenrechner,
  author = "Casio Taschenrechner",
  booktitle = "fx-991ES",
}
@online{2,
  author = {Steffens Wissensblog},
  title = {Wellenl√§ngen und Anregungsenergien von K- und L- Absorptionskanten},
  year = 2018,
  url = {https://wissen.science-and-fun.de/tabellen-fur-spektroskopiker/wellenlaengen-und-anregungsenergien-von-k-und-l-absorptionskanten/},
  urldate = {2018-04-30}
}
@book{3,
author = {J. A. Bearden},
title = {X-Ray Wavelengths},
subtitle = {Review of Modern Physics},
year = {1967},
}
