@inproceedings{1,
  author = "TU Dortmund",
  booktitle = "Versuchsanleitung V351",
}

@online{2,
  author = "Werner Neundorf",
  title = "Fourier-Reihen, \pi und Cotangens",
  subtitle = "Technische Universit채t Ilmenau, Fakult채t f체r Mathematik und Naturwissenschaften, Institut f체r Mathematik",
  url = "https://www.tu-ilmenau.de/fileadmin/media/math/Preprints/2009/09_36_neundorf.pdf",
  urldate = "2017-12-06",
}
