@inproceedings{1,
  author = "TU Dortmund",
  booktitle = "Versuchsanleitung V602",
}
@inproceedings{taschenrechner,
  author = "Casio Taschenrechner",
  booktitle = "fx-991ES",
}
@online{2,
  author = {Chemnitzer Schulmodell},
  title = {Dichte fester Stoffe},
  url = {http://www.schulmodell.eu/index.php/physik/503-dichte-fester-stoffe.html},
  urldate = {2018-05-23}
}
@online{tc,
  author = {Andy Hoppe},
  title = {Technetium},
  url = {http://www.periodensystem.info/elemente/technetium/},
  urldate = {2018-05-27}
}
@online{tc2,
  author = {Ren√© Rausch},
  title = {Das Periodensystem der Elemente online - 99Tc (Technetium-99)},
  url = {http://www.periodensystem-online.de/index.php?id=isotope&el=43&mz=99&show=nuklid},
  urldate = {2018-06-05}
}
@online{fe,
  author = {Andy Hoppe},
  title = {Eisen},
  url = {http://www.periodensystem.info/elemente/eisen/},
  urldate = {2018-05-28}
}
@online{pb,
  author = {Andy Hoppe},
  title = {Blei},
  url = {http://www.periodensystem.info/elemente/blei/},
  urldate = {2018-05-28}
}
