@inproceedings{1,
  author = "TU Dortmund",
  booktitle = "Versuchsanleitung V354",
}
@inproceedings{2,
  author = "TU Dortmund",
  booktitle = "Versuchsanleitung V353",
}
