@inproceedings{1,
  author = "Wikibooks",
  booktitle = "Tabellensammlung Chemie/ Dichte fester Stoffe",
  url = "https://de.wikibooks.org/wiki/Tabellensammlung_Chemie/_Dichte_fester_Stoffe",
  date = 15/11/2017
}

@inproceedings{2,
  author = "Wikipedia",
  booktitle = "Elastizitätsmodul - Definition - Typische Zahlenwerte",
  url = "https://de.wikipedia.org/wiki/Elastizitätsmodul",
  date = 15/11/2017
}

@inproceedings{3,
  author = "TU Dortmund",
  booktitle = "Versuchsanleitung V103",
}
