@inproceedings{1,
  author = "TU Dortmund",
  booktitle = "Versuchsanleitung V602",
}
@inproceedings{taschenrechner,
  author = "Casio Taschenrechner",
  booktitle = "fx-991ES",
}




@book{Christiansen1980a,
author = {{Saxo Grammaticus}},
title = {Books X, XI, XII and XIII},
location = {Oxford},
year = {1980},
gender = {sm},
series = {BAR International Series},
number = {84},
mainsubtitle = {Books X--XVI},
maintitle = {Danorum Regum Heroumque Historia},
maintitleaddon = {The text of the first edition with ‚Üê translation and commentary in three volumes},
translator = {Eric Christiansen},
volume = {1}
}

@misc{WinNT,
  title = {{MS Windows NT} Kernel Description},
  howpublished = {\url{http://web.archive.org/web/20080207010024/http://www.808multimedia.com/winnt/kernel.htm}},
  note = {Accessed: 2010-09-30}
}

@online{WinNT,
  author = {MultiMedia LLC},
  title = {{MS Windows NT} Kernel Description},
  year = 1999,
  url = {http://web.archive.org/web/20080207010024/http://www.808multimedia.com/winnt/kernel.htm},
  urldate = {2010-09-30}
}

@electronic{Rub1,
 author = {Rubino, Daniel},
 editor = {{Windows Phone Central}},
 title = {IE9 for Windows Phone 7: Adobe Flash, demos and development},
 url = {http://www.wpcentral.com/ie9-windows-phone-7-adobe-flash-demos-and-development-videos},
 urldate = {14.01.2013},
 originalyear = {18.02.2011}
 }

 @INTERNET{www11b,
    AUTHOR    = "Schultheis, J. D.",
    TITLE     = "Fun with Reference Citations",
    ADDRESS   = "Baltimore (MD)",
    PUBLISHER = "Random House",
    INSTITUTION = "Glenn Research Center, National Aeronautics
                   and Space Administration",
    YEAR      = "2013",
    MONTH     = sep # " 10",
    WEBSITE   =
             "http://en.wikipedia.org/wiki/Trajectory\_of\_a\_projectile",
    DOI       = "\url{doi:10.10.1038/nphys1170}",
    ACCESSED  = "2014 " # sep # " 26",
    REVISED  = "2014 " # jun # " 12"
    }
