@inproceedings{1,
  author = "TU Dortmund",
  booktitle = "Versuchsanleitung V308",
}
