@inproceedings{1,
  author = "TU Dortmund",
  booktitle = "Versuchsanleitung V500",
}
@inproceedings{taschenrechner,
  author = "Casio Taschenrechner",
  booktitle = "fx-991ES",
}
